@book{Hygino:2019,
	title = {Álgebra Moderna},
	publisher = {Saraiva},
	author = {Hygino H. Domingues; Gelson Iezzi},
	year = {2019},
	edition = {5}
}
@book{Boldrini:1980,
	title = {Álgebra Linear},
	publisher = {Harbra},
	author = {José Luiz Boldrini; Sueli I. Rodrigues Costa; Vera Lúcia Figueiredo; Henry G. Wetzler},
	year = {1980},
	edition = {3}
}
@book{Callioli:2009,
	title = {Álgebra Linear e Aplicações},
	publisher = {Atual},
	author = {Carlos A. Callioli; Hygino H. Domingues; Roberto C. F. Costa},
	year = {2009},
	edition = {6}
}
@book{Anton:2012,
	title = {{Á}lgebra {L}inear com Aplicações},
	publisher = {Bookman},
	author = {Howard Anton; Chriss Rorres},
	year = {2012},
	edition = {10},
}

@article{Smith:2022jd,
	author = {Jones, A.~B. and Smith, J.~M.},
	title = {{A}rticle {T}itle},
	journal = {Journal title},
	year = {2022},
	volume = {13},
	pages = {123-456},
	number = {52},
	month = {3},
	publisher = {Publisher},
	doi = {10.1038/s41586-021-03616-x},
}
