@book{Hygino:2019,
	title = {Álgebra Moderna},
	publisher = {Saraiva},
	author = {Hygino H. Domingues; Gelson Iezzi},
	year = {2019},
	edition = {5}
}
@book{Poole:2016,
	title = {Álgebra Linear: Uma Introdução Moderna},
	publisher = {Cengage Learning Brasil},
	author = {David Poole},
	year = {2016},
	edition = {4}
}
@book{Danesi:2019,
	title = {Álgebra Linear},
	publisher = {Grupo A},
	author = {Marcelo M. Danesi; André R. R. Silva; Silvano A. A. P. Junior},
	year = {2019},
	edition = {1}
}
@book{Larson:2017,
	title = {Elementos de Álgebra Linear},
	publisher = {Cengage Learning Brasil},
	author = {Ron Larson},
	year = {2017},
	edition = {8}
}
@book{Holt:2016,
	title = {Álgebra Linear com Aplicações},
	publisher = {Grupo GEN,},
	author = {Jeffrey Holt},
	year = {2016},
	edition = {1}
}
@book{Busby:2006,
	title = {Álgebra Linear Contemporânea},
	publisher = {Grupo A},
	author = {Howard Anton; Robert C. Busby},
	year = {2006},
	edition = {1}
}
@book{Boldrini:1980,
	title = {Álgebra Linear},
	publisher = {Harbra},
	author = {José Luiz Boldrini; Sueli I. Rodrigues Costa; Vera Lúcia Figueiredo; Henry G. Wetzler},
	year = {1980},
	edition = {3}
}
@book{Callioli:2009,
	title = {Álgebra Linear e Aplicações},
	publisher = {Atual},
	author = {Carlos A. Callioli; Hygino H. Domingues; Roberto C. F. Costa},
	year = {2009},
	edition = {6}
}
@book{Anton:2012,
	title = {{Á}lgebra {L}inear com Aplicações},
	publisher = {Bookman},
	author = {Howard Anton; Chriss Rorres},
	year = {2012},
	edition = {10},
}

@article{Smith:2022jd,
	author = {Jones, A.~B. and Smith, J.~M.},
	title = {{A}rticle {T}itle},
	journal = {Journal title},
	year = {2022},
	volume = {13},
	pages = {123-456},
	number = {52},
	month = {3},
	publisher = {Publisher},
	doi = {10.1038/s41586-021-03616-x},
}
